@article {
  fullPaper, 
  title="{Threadable} {Curves}",
  howpublished={\url{https://arxiv.org/abs/1801.08003}},
  author={O'Rourke, Joseph and Rogers, Emmely},
  year={2018},
  month={Mar}
}

@proceedings {
  conferenceProceedings, 
  title="{Proceedings} of the 30th {Canadian} {Conference} on {Computational} {Geometry}",
  howpublished={\url{https://cccg.ca/proceedings/2018/proceedings.pdf}},
  year={2018},
  month={Mar}
}

@misc {
  paperWebsite,
  url={http://cs.smith.edu/~jorourke/Threadable/},
  title={{Threadable} {Curves}},
  author={O'Rourke, Joseph}
}

@misc {
  melkmanWebsite,
  url={http://geomalgorithms.com/a12-_hull-3.html},
  title={{Fast} {Convex} {Hull} of a 2D {Simple} {Polyline}},
  author={Sunday, Dan}
}

@misc {
  bitangents,
  url={https://mathoverflow.net/questions/284929/number-of-bitangents-to-connected-algebraic-curve},
  title={Number of bitangents to connected algebraic curve},
  author={O'Rourke, Joseph}
}

@misc {
  chan,
  url={http://citeseerx.ist.psu.edu/viewdoc/download?doi=10.1.1.158.8180&rep=rep1&type=pdf},
  title={{A} {Dynamic} {Data} {Structure} for 3-d {Convex} {Hulls} and 2-d {Nearest} {Neighbor} {Queries}},
  author={Chan, Timothy}
}