@misc {
	cohenaddad2017balanced,
    title={Balanced power diagrams for redistricting},
    author={Vincent Cohen-Addad and Philip N. Klein and Neal E. Young},
    year={2017},
    eprint={1710.03358},
    archivePrefix={arXiv},
    primaryClass={cs.DS}
}

@misc {
  GerrymanderingWiki,
  author = "{Wikipedia contributors}",
  title= "Gerrymandering",
  url = "https://en.wikipedia.org/wiki/Gerrymandering",
  note = "[Online; accessed 10-03-2019]"
}

@misc {
  TransshipmentWiki,
  author = "{Wikipedia contributors}",
  title= "Transshipment problem",
  url = "https://en.wikipedia.org/wiki/Transshipment_problem",
  note = "[Online; accessed 11-30-2019]"
}

@misc {
  BrianOlsonRedistricting,
  author = "{Brian Olson}",
  title= "Impartial Automatic Redistricting, by Brian Olson",
  url = "https://bdistricting.com/2010/",
  note = "[Online; accessed 10-12-2019]"
}

@misc {
	BrianOlsonTedTalk,
	author = "{Brian Olson}",
	title = "Engineering Elections Without Bias, by Brian Olson at TEDxCambridge",
	url = "https://www.youtube.com/watch?v=EC3L2lSSONQ",
	note = "[Online; accessed 10-10-2019]"
}


@misc {
	BrianOlsonMetrics,
	author = "{Brian Olson}",
	title = "Compactness Measures and Variations",
	url = "https://bdistricting.com/about.html#compact",
	note = "[Online; accessed 11-30-2019]"
}

@misc {
	OtherMetrics,
	author = "{Zachary Fisher}",
	title = "Measuring Compactness",
	url = "https://fisherzachary.github.io/public/r-output.html",
	note = "[Online; accessed 11-30-2019]"
}


@misc {
	FairVotePage,
	author = "{Matt Morris}",
	title = "Virginia Congressional Redistricting: A Better Method",
	url = "https://www.fairvote.org/virginia-redistricting-a-better-method",
	note = "[Online; accessed 12-15-2019]"
}

@misc {
	TigerBG,
	author = "{United States Census Bureau}",
	title = "2019 TIGER Block Group Files",
	url = "https://www2.census.gov/geo/tiger/TIGER2019/BG/",
	note = "[Online; accessed 10-22-2019]"
}

@misc {
	VA_CD_116,
	author = "{United States Census Bureau}",
	title = "TIGER/Line Shapefile, 2018, nation, U.S., 116th Congressional District National",
	url = "https://catalog.data.gov/dataset/tiger-line-shapefile-2018-nation-u-s-116th-congressional-district-national",
	note = "[Online; accessed 10-22-2019]"
}

@misc {
	VA_Roads,
	author = "{Virginia Department of Transportation}",
	title = "Dataset: Virginia House of Delegates",
	url = "https://www.virginiaroads.org/datasets/virginia-house-of-delegates",
	note = "[Online; accessed 10-22-2019]"
}

@misc {
	VA_SLDU,
	author = "{United States Census Bureau}",
	title = "2016 TIGER State Legislative Districts, Upper Chamber",
	url = "https://www2.census.gov/geo/tiger/TIGER2016/SLDU/",
	note = "[Online; accessed 10-22-2019]"
}

@misc {
	CensusGeoHelp,
	author = "{United States Census Bureau}",
	title = "Guidance for Geography Users",
	url = "https://www.census.gov/programs-surveys/geography/guidance.html",
	note = "[Online; accessed 10-10-2019]"
}


@misc {
	AFF,
	author = "{United States Census Bureau}",
	title = "American Fact Finder",
	url = "https://factfinder.census.gov/faces/nav/jsf/pages/searchresults.xhtml?refresh=t",
	note = "[Online; accessed 10-22-2019]"
}

@misc {
	OneVirginia2021Page,
	author = "{One Virginia 2021}",
	title = "OneVirginia2021: Virginians For Fair Districts",
	url = "https://www.onevirginia2021.org/",
	note = "[Online; accessed 12-01-2019]"
}

@misc {
  RedmapWiki,
  author = "{Wikipedia contributors}",
  title= "REDMAP",
  url = "https://en.wikipedia.org/wiki/REDMAP",
  note = "[Online; accessed 12-15-2019]"
}


@article {
  fullPaper, 
  title="{Threadable} {Curves}",
  howpublished={\url{https://arxiv.org/abs/1801.08003}},
  author={O'Rourke, Joseph and Rogers, Emmely},
  year={2018},
  month={Mar}
}

